\begin{filecontents}{\refs.bib}
@book{ AI-Russell&Norvig,
      author = "Stuart Russell and Peter Norvig",
      title = "Artificial Intelligence: A Modern Approach",
      year = "1995"}
@misc{ kind-of-agents,
      author = "Wikipedia.",
      title = "Tipos de agentes",
      howpublished = "\url{https://es.wikipedia.org/wiki/Agente_inteligente_(inteligencia_artificial)}"}
\end{filecontents}
